@INPROCEEDINGS{tcp_rto,
	author = "Seddigh, N. and Devetsikiotis, M.",
	title = "Studies of {TCP}'s Retransmission Timeout Mechanism",
	booktitle = "Proc. {IEEE} International Conference on Communications ({ICC})",
	year = "2001",
	month = "June",
}

@INPROCEEDINGS{v6multi,
	author = "Savola, P.",
	title = "A Survey of {IP}v6 Site Multihoming Proposals",
	booktitle = "Proc. {IEEE} Internet Conference of Telecommunications ({ConTel} 2005)",
	year = "2005",
	month = "June",
}

@TECHREPORT{traceroute,
	author = "{V. Jacobson et al.}",
	title = "traceroute",
	institution = "{UNIX}",
	type = "man page",
	year = "1989",
	note = "See source code: \url{ftp://ftp.ee.lbl.gov/traceroute.tar.gz}",
}

@INPROCEEDINGS{ark,
	author = "{c}laffy, {kc} and Hyun, Y. and Keys, K. and Fomenkov, M. and Krioukov, D.",
	title = "{I}nternet Mapping: from Art to Science",
	booktitle = "Proc. {IEEE} Cybersecurity Applications and Technologies Conference for Homeland Security ({CATCH})",
	year = "2009",
	month = "March",
}

@ARTICLE{lispCCR,
	author = "Saucez, D. and et al.",
	title = "A First Measurement Look at the Deployment and Evolution of the Locator/ID Separation Protocol",
	journal = "{ACM} {SIGCOMM} Computer Communication Review",
	year = "2013",
	volume = "43",
	number = "1",
	pages = "37--43",
	month = "April",
}

@ARTICLE{cleanslate,
	author = "Feldmann, A.",
	title = "{I}nternet Clean-Slate Design: What and Why?",
	journal = "{ACM SIGCOMM} Computer communication Review",
	year = "2007",
	volume = "37",
	number = "3",
	pages = "59--64",
	month = "July",
}

@INPROCEEDINGS{multihoming,
	author = "Akella, A. and Shaikh A. and Sitaraman, R.",
	title = "A Measurement-Based Analysis of Multihoming",
	booktitle = "Proc. {ACM} {SIGCOMM}",
	year="2003",
	month = "August",
}

@MISC{lispALTPourri,
	author = "Fuller, V.",
	title = "{LISP-DDT}: A New Mapping Database for {LISP}",
	month = "June",
	year = "2012",
	note = "Nanog 55 Talk",
}

@INPROCEEDINGS{quoitin,
	author = "Quoitin, B. and Iannone, L. and De Launois, C. and Bonaventure, O.",
	title = "Evaluating the Benefits of the Locator/Identifier Separation",
	booktitle = "Proc. {ACM/IEEE} International Workshop on Mobility in the Evolving Internet Architecture ({MOBIARCH})",
	year = "2007",
	month = "August",
}

@MISC{lispmon,
	title = "{LISPmon}",
	note = "See \url{http://www.lispmon.net}",
}

@MISC{lispbeta,
	title = "{LISP Beta Network}",
	note = "See \url{http://www.lisp4.net}",
}

@MISC{lispbetaarchi,
	title = "{LISP Beta Network Latest Architecture}",
	note = "See \url{https://www.lisp4.net//images/lisp-ddt.pdf}",
}

@MISC{lisplab,
	title = "{LISP-Lab}",
	note = "See \url{http://www.lisp-lab.org/}",
}

@MISC{omnetpp,
	title = "{OMNet++ (Homepage)}",
	note = "See \url{https://www.omnetpp.org/}",
}

@MISC{INET,
	title = "{INET Framework (Homepage)}",
	note = "See \url{https://inet.omnetpp.org/}",
}

@MISC{CiscoLISPQA,
	title = "{Cisco Locator/ID Separation Protocol (LISP) Q\&A}",
	note = "See \url{https://www.cisco.com/c/en/us/products/collateral/ios-nx-os-software/locator-id-separation-protocol-lisp/qa_c67-582925.pdf}",
}

@ARTICLE{tussle,
	author = "Clark, D. D. and Wroclawski, J. and Sollins, K. R. and Braden, R.",
	title = "Tussle in Cyberspace: Defining Tomorrow's {I}nternet",
	journal = "{IEEE/ACM} Transactions on Networking",
	year = "2005",
	volume = "13",
	number = "3",
	pages = "462--475",
	month = "June",
}

@INPROCEEDINGS{hair,
	author = "Feldmann, A. and Cittadini, L. and Muhlbauer, W. and Bush, R. and Maennel, O.",
	title = "{HAIR}: {Hierarchical} {A}rchitecture for {I}nternet {R}outing",
	booktitle = "Proc. {ACM CoNEXT} ReArch Workshop",
	year = "2009",
	month = "December",
}

@INPROCEEDINGS{nira,
	author = "Yang, X.",
	title = "{NIRA}: A {N}ew {I}nternet {R}outing {A}rchitecture",
	booktitle = "Proc. {ACM SIGCOMM} Workshop on Future Directions in Network Architecture ({FDNA})",
	year = "2003",
	month = "August",
}

@INPROCEEDINGS{fara,
	author = "Clark, D. and Braden, R. and Falk, A. and Pingali, V.",
	title = "{FARA}: Reorganizing the Addressing Architecture",
	booktitle = "Proc. {ACM SIGCOMM} Workshop on Future Directions in Network Architecture ({FDNA})",
	year = "2003",
	month = "August",
}

@ARTICLE{openflow,
	author = "McKeown, N. and Anderson, T. and Balakrishnan, H. and Parulkar, G. and Peterson, L. and Rexford, J. and Shenker, S. and Turner, J.",
	title = "{O}pen{F}low: Enabling Innovation in Campus Networks",
	journal = "{ACM SIGCOMM} Computer communication Review",
	year = "2008",
	volume = "38",
	number = "2",
	pages = "69--74",
	month = "March",
}

@INPROCEEDINGS{locatorsDynamics,
	author = "Saucez, D. and Donnet, B.",
	title = "On the Dynamics of Locators in {LISP}",
	booktitle = "Proc. {IFIP} Networking",
	year = "2012",
	month = "May",
}

@MISC{potaroo,
	author = "Huston, G.",
	title = "{BGP} Routing Table Analysis Reports",
	year = "2004",
	note = "See \url{http://bgp.potaroo.net}",
}

@ARTICLE{meng,
	author="Meng, X. and  Xu, Z. and Zhang, B. and Huston, G. and Lu, S. and Zhang, L.",
	title="{IP}v4 Address Allocation and the {BGP} Routing Table Evolution",
	journal="{ACM} {SIGCOMM} Computer Communcation Review",
	year="2005",
	volume="35",
	number="1",
	pages="71--80",
}

@INPROCEEDINGS{lispFailureRecovery,
	author = "Saucez, D. and Kim, J. and Iannone, L. and Bonaventure, O. and Filsfils, C.",
	title = "A Local Approach to Fast Failure Recovery of {LISP} Ingress Tunnel Routers",
	booktitle = "In Proc. {IFIP} Networking",
	year = "2012",
	month = "May",
}

@ARTICLE{lispCoreCast,
	author = "Jakab, L. and Cabellos-Aparicio, A. and Silverston, T. and Sol\'e, M. and Coras, F. and Domingo-Pascual, J.",
	title = "{C}ore{C}ast: How Core/Edge Separation Can Help Improving Inter-Domain Live Streaming",
	journal = "Computer Networks ({COMNET})",
	year = "2010",
	volume = "54",
	number = "18",
	pages = "3388--3401",
	month = "December",
}

@INPROCEEDINGS{lispCacheLRU,
	author = "Zhang, H. and Chen, M. and Zhu, Y.",
	title = "Evaluating the Performance on {ID}{L}oc Mapping",
	booktitle = "Proc. {IEEE} Global Communications Conference ({GLOBECOM})",
	year = "2008",
	month = "November",
}

@INPROCEEDINGS{lispCacheCost,
	author = "Iannone, L. and Bonaventure, O.",
	title = "On the Cost of Caching {L}ocator/{ID} Mappings",
	booktitle = "Proc. {ACM} {SIGCOMM} CoNEXT",
	year = "2007",
	month = "December",
}

@INPROCEEDINGS{lispCacheDive,
	author = "Kim, J. and Iannone, L. and Feldmann, A.",
	title = "A Deep Dive into the {LISP} Cache",
	booktitle = "Proc. {IFIP} Networking",
	year = "2011",
	month = "May",
}

@INPROCEEDINGS{lispCacheModel,
	author = "Coras, F. and Cabellos-Aparicio, A. and Domingo-Pascual, J.",
	title = "An Analytical Model for the {LISP} Cache Size",
	booktitle = "Proc. {IFIP} Networking",
	year = "2012",
	month = "May",
}

@INPROCEEDINGS{lispTE,
	author = "Saucez, D. and Donnet, B. and Iannone, L. and Bonaventure, O.",
	title = "Interdomain Traffic Engineering in a Locator/Identifier Separation Context",
	booktitle = "Proc. Internet Network Management Workshop ({INM})",
	year = "2008",
	month = "October",
}

@TECHREPORT{lig.hidden,
	author = "Farinacci, D. and Meyer, D.",
	title = "{LISP} {I}nternet {G}roper ({LIG})",
	institution = "{I}nternet {E}ngineering {T}ask {F}orce",
	year = "2011",
	type = "Internet Draft, Work in Progress",
	number = "draft-ietf-lisp-lig-06.txt",
	month = "September",
}

@TECHREPORT{lisp-draft,
	author = "Farinacci, D. and Fuller, V. and Meyer, D. and Lewis, D.",
	title = "Locator/{ID} Separation Protocol ({LISP})",
	institution = "{I}nternet {E}ngineering {T}ask {F}orce",
	year = "2012",
	type="Internet Draft, Work in Progress",
	number = "draft-ietf-lisp-23.txt",
	month = "May",
}

@article{saucez2012designing,
  title={Designing a deployable internet: The locator/identifier separation protocol},
  author={Saucez, Damien and Iannone, Luigi and Bonaventure, Olivier and Farinacci, Dino},
  journal={IEEE Internet Computing},
  volume={16},
  number={6},
  pages={14--21},
  year={2012},
  publisher={IEEE}
}

@TECHREPORT{lispMapServer.old,
	author = "Fuller, V. and Farinacci, D.",
	title = "{LISP} {M}ap {S}erver",
	institution = "{I}nternet {E}ngineering {T}ask {F}orce",
	year = "2012",
	type="Internet Draft, Work in Progress",
	number = "draft-ietf-lisp-ms-16.txt",
	month = "March",
}

@ARTICLE{lispTree,
	author = "Jakab, L. and Cabellos-Aparicio, A. and Coras, F. and Saucez, D. and Bonaventure, O.",
	title = "{LISP-TREE}: a {DNS} Hierarchy to Support the {LISP} Mapping System",
	journal = "{IEEE} Journal on Selected Areas in Communications",
	year = "2010",
	volume = "28",
	number = "8",
	pages = "1332 -- 1343",
	month = "October",
}

@TECHREPORT{lispAlt,
	author = "Fuller, V. and Farinacci, D. and Meyer, D. and Lewis, D.",
	title = "{LISP} Alternative Topology ({LISP+ALT})",
	institution = "{I}nternet {E}ngineering {T}ask {F}orce",
	year = "2011",
	type = "Internet Draft (Work in Progress)",
	number = "draft-ietf-lisp-alt-10",
	month = "December",
}

@TECHREPORT{lispDDT00,
	author = "Fuller, V. and Lewis, D. and Ermagan, V. Jain, A.",
	title = "{LISP} {D}elegated {D}atabase {T}ree",
	institution = "{I}nternet {E}ngineering {T}ask {F}orce",
	year = "2012",
	type="Internet Draft, Work in Progress",
	number = "draft-ietf-lisp-ddt-00.txt",
	month = "July",
}

@TECHREPORT{lispDDT,
	author = "Fuller, V. and Lewis, D. and Ermagan, V. Jain, A.",
	title = "{LISP} {D}elegated {D}atabase {T}ree",
	institution = "{I}nternet {E}ngineering {T}ask {F}orce",
	year = "2013",
	type="Internet Draft, Work in Progress",
	number = "draft-ietf-lisp-ddt-01.txt",
	month = "March",
}


@INPROCEEDINGS{lispDht,
	author = "Mathy, L. and Iannone, L.",
	title = "{LISP-DHT}: Towards a {DHT} to Map Identifiers onto Locators",
	booktitle = "Proc. Re-Architecturing the Internet Workshop ({ReArch})",
	year = "2008",
	month = "December",
}

@TECHREPORT{lispAlt.old,
	author = "Fuller, V. and Farinacci, D. and Meyer, D. and Lewis, D.",
	title = "{LISP} {A}lternative {T}opology ({LISP+ALT})",
	institution = "{I}nternet {E}ngineering {T}ask {F}orce",
	year = "2011",
	type="Internet Draft, Work in Progress",
	number = "draft-ietf-lisp-alt-10.txt",
	month = "December",
}

@TECHREPORT{Atkinson_ILNP:2008,
	author = "Atkinson, R.",
	title = "{ILNP Concept of Operations}",
	institution = "{I}nternet {E}ngineering {T}ask {F}orce",
	year = "2011",
	type="~",
	number = "draft-rja-ilnp-intro-11.txt",
	month = "July",
}

@ARTICLE{internetComputing.old,
	author = "Saucez, D. and Iannone, L. and Bonaventure, O. and Farinacci, D.",
	title = "Designing a Deployable Future {I}nternet: the Locator/Identifier Separation Protocol ({LISP}) case",
	journal = "{IEEE} Internet Computing",
	year = "2012",
	volume = "99",
	number = "PrePrints",
	month = "August",
}

@TECHREPORT{rfc2784,
	author = "Farinacci, D. and Li, T. and Hanks, S. and Meyer, d. and Traina, P.",
	title = "Generic Routing Encapsulation ({GRE})",
	institution = "{I}nternet {E}ngineering {T}ask {F}orce",
	year = "2000",
	type = "{RFC}",
	number = "2784",
	month = "March",
}

@TECHREPORT{rfc4984,
	author = "Meyer, D. and Zhang, L. and Fall, K.",
	title = "Report from the {IAB} Workshop on Routing and Addressing",
	institution = "{I}nternet {E}ngineering {T}ask {F}orce",
	year = "2008",
	type = "{RFC}",
	number = "4984",
	month = "September",
}

@TECHREPORT{rfc4423,
	author = "Moskowitz, R. and Nikander, P.",
	title = "Host Identity Protocol ({HIP}) Architecture",
	institution = "{I}nternet {E}ngineering {T}ask {F}orce",
	year = "2006",
	type = "{RFC}",
	number = "4423",
	month = "May",
}

@TECHREPORT{rfc5533,
	author = "Nordmark, E. and Bagnulo, M.",
	title = "Shom6: Level 3 Multihoming Shim Protocol for {IP}v6",
	institution = "{I}nternet {E}ngineering {T}ask {F}orce",
	year = "2009",
	type = "{RFC}",
	number = "5533",
	month = "June",
}

@TECHREPORT{rfc6115,
	author = "Li, T.",
	title = "Recommendation for a Routing Architecture",
	institution = "{I}nternet {R}esearch {T}ask {F}orce",
	year = "2011",
	type = "{RFC}",
	number = "6115",
	month = "February",
}

@TECHREPORT{rfc6830,
	author = "Farinacci, D. and et al.",
	title = "The Locator/{ID} Separation Protocol ({LISP})",
	institution = "{I}nternet {E}ngineering {T}ask {F}orce",
	year = "2013",
	type = "{RFC}",
	number = "6830",
	month = "January",
}

@TECHREPORT{rfc6832,
	author = "Lewis, D. and Meyer, D. and Farinacci, D. and Fuller, V.",
	title = "Interworking Between Locator/ID Separation Protocol ({LISP}) and Non-{LISP} Sites",
	institution = "{I}nternet {E}ngineering {T}ask {F}orce",
	year = "2013",
	type = "{RFC}",
	number = "6832",
	month = "January",
}


@TECHREPORT{rfc6833,
	author = "Fuller, V. and et al.",
	title = "Locator/{ID} Separation Protocol ({LISP}) Map-Server Interface",
	institution = "{I}nternet {E}ngineering {T}ask {F}orce",
	year = "2013",
	type = "{RFC}",
	number = "6833",
	month = "January",
}

@TECHREPORT{rfc6835,
	author = "Farinacci, D. and Meyer, D.",
	title = "The Locator/{ID} Separation Protocol {I}nternet Groper ({LIG})",
	institution = "{I}nternet {E}ngineering {T}ask {F}orce",
	year = "2013",
	type = "{RFC}",
	number = "6835",
}

@TECHREPORT{rfc6836,
	author = "Fuller, V. and Farinacci, D. and Meyer, D. and Lewis, D.",
	title = "Locator/{ID} Separation Protocol Alternative Logical Topology ({LISP+ALT})",
	institution = "{I}nternet {E}ngineering {T}ask {F}orce",
	year = "2013",
	type = "{RFC}",
	number = "6836",
	month = "January",
}

@INPROCEEDINGS{lispMN,
	author = "Menth, M. and Klein, D. and Hartmann, M.",
	title = "Improvements to {LISP} Mobile Node",
	booktitle = "Proc. International Teletraffic Congress ({ITC})",
	year = "2010",
	month = "September",
}          

@INPROCEEDINGS{lispsec1,
	author = "Mahdi, A. and Al-Nemrat, A. and Preston, D.",
	title = "Securing Address Registration in {L}ocation/{ID} Split Protocol Using {ID}-Based Cryptography",
	booktitle = "Proc. International Conference on Wired/Wireless Internet Communications ({WWIC})",
	year = "2013",
	month = "June",
}

@INPROCEEDINGS{lispsec2,
	author = "Mahdi, A.",
	title = "A Novel Security Protocol for Resolving Addresses in the {L}ocation/{ID} Split Architecture",
	booktitle = "Proc. International Conference on Network and System Security ({NSS})",
	year = "2013",
	month = "June",
}


@INBOOK{lispsecbook,
	author = "Saucez, D. and Iannone, L. and Bonaventure, O.",
	editor = "Boucadair, M. and Binet, D.",
	title = "Solutions for Sustaining Scalability in Internet Growth",  
	chapter = "The Map-and-Encap Locator/Identifier Separation Paradigm: a Security Analysis",
	publisher = 	 "IGI Global",
	year = "2013",
	pages = "148--163",
}

@INPROCEEDINGS{lispTEsecci,
	author = "Secci, S. and Liu, K. and Rao, G. K. and Jabbari, B.",
	title = "Resilient Traffic Engineering in a Transit-Edge Separated Internet Routing",
	booktitle = "Proc. {IEEE} International Conference on Communications ({ICC})",
	year = "2011",
	month = "June",
}

@ARTICLE{info3-articles-2013-06,
	author = "Hoefling, M. and Menth, M. and Hartmann, M.",
	title = "A Survey on Mapping Systems for Locator/Identifier Split Internet Routing",
	journal = "{IEEE} Communications Surveys and Tutorials",
	year = "2013",
	volume = "15",
	number = "4",
	pages = "1842--1858",
	month = "November",
}

@book{van1992computational,
	title={Computational frameworks for the fast Fourier transform},
	author={Van Loan, Charles},
	volume={10},
	year={1992},
	publisher={Siam}
}

@book{dunn2014measurement,
	title={Measurement and data analysis for engineering and science},
	author={Dunn, Patrick F},
	year={2014},
	publisher={CRC press}
}

@INPROCEEDINGS{coras2014performance,
author = "Coras, F. and Saucez, D. and Iannone, L. and Donnet, B.",
title = "On the Performance of the {LISP} Beta Network",
booktitle = "Proc. {IFIP} Networking",
year = "2014",
month = "June",
}

@inproceedings{savola2005survey,
	title={A survey of IPv6 site multihoming proposals},
	author={Savola, Pekka and Chown, Tim},
	booktitle={Proceedings of the 8th International Conference of Telecommunications (ConTEL 2005)},
	pages={41--48},
	year={2005}
}

@inproceedings{naderi2011review,
	title={A review of ipv6 multihoming solutions},
	author={Naderi, Habib and Carpenter, Brian E},
	booktitle={Tenth International Conference on Networks (ICN 2011)},
	pages={145--150},
	year={2011}
}

@techreport{saucez2016locator,
  title={Locator/ID Separation Protocol (LISP) Impact},
  author={Saucez, D and Iannone, L and Cabellos, A and Coras, F},
  year={2016}
}

@inproceedings{yue2016stability,
	title={Stability and Consistency of the LISP Pull Routing Architecture},
	author = "Li, Y. and Saucez, D. and Iannone, L. and Donnet, B.",
	booktitle = "Proc. Workshop on Network Measurement ({WNM})",
	year = "2016",
	month = "November",
}

@inproceedings{li2017lisp,
  title={LISP-Views: Monitoring LISP at Large Scale},
  author={Li, Yue and Abouseif, Akram and Iannone, Luigi and Saucez, Damien},
  booktitle={Teletraffic Congress (ITC 29), 2017 29th International},
  volume={1},
  pages={178--186},
  year={2017},
  organization={IEEE}
}

@inproceedings{li2016using,
  title={Using RIPE atlas to evaluate the locator/Id Separation Protocol},
  author={Li, Yue and Iannone, Luigi},
  booktitle={Computer Communications Workshops (INFOCOM WKSHPS), 2016 IEEE Conference on INFOCOM 2016 Conference},
  pages={696--697},
  year={2016},
  organization={IEEE}
}

@inproceedings{li2016performance,
  title={Performance Evaluation of Locator/Identifier Separation Protocol through RIPE Atlas},
  author={Li, Yue and et al.},
  booktitle={Proceedings of the 2016 conference on ACM SIGCOMM 2016 Conference},
  pages={561--562},
  year={2016},
  organization={ACM}
}

@ALEXA{alexa,
	title = "Alexa",
	note = "\url{http://www.alexa.com/}",
}

@ALEXATOP{alexatop,
	title = "Alexa Top Sites Ranking",
	note = "\url{https://www.alexa.com/topsites}",
}

@MISC{atlas,
	title = "{RIPE Atlas}",
	note = "\url{https://atlas.ripe.net/}",
}

@CiscoIOS{CiscoIOS,
	title = "LISP Cisco IOS implementation (website)",
	note = "\url{http://lisp.cisco.com}",
}

@MISC{bgpv4,
	title = "AS3943 IPv4 Route Propagation",
	note = "\url{http://bgp.he.net/AS3943\#_graph4}",
}

@MISC{bgpv6,
	title = "AS3943 IPv6 Route Propagation",
	note = "\url{http://bgp.he.net/AS3943\#_graph6}",
}

@MISC{PlanetLab,
	title = "PlanetLab (website)",
	note = "\url{https://www.planet-lab.org/}",
}

@article{postel1981rfc,
	title={RFC 791: Internet protocol},
	author={Postel, Jon and others},
	year={1981},
	publisher={September}
}

@article{phung2014openlisp,
	title={The OpenLISP control plane architecture},
	author={Phung, Dung and Secci, Stefano and Saucez, Damien and Iannone, Luigi},
	journal={IEEE Network},
	volume={28},
	number={2},
	pages={34--40},
	year={2014},
	publisher={IEEE}
}

@inproceedings{jeong2015experience,
	title={Experience on the development of lisp-enabled services: An isp perspective},
	author={Jeong, Taeyeol and Li, Jian and Hyun, Jonghwan and Yoo, Jae-Hyoung and Hong, James Won-Ki},
	booktitle={Network Softwarization (NetSoft), 2015 1st IEEE Conference on},
	pages={1--9},
	year={2015},
	organization={IEEE}
}

@article{iannone2011implementing,
	title={Implementing the locator/id separation protocol: Design and experience},
	author={Iannone, Luigi and Saucez, Damien and Bonaventure, Olivier},
	journal={Computer Networks},
	volume={55},
	number={4},
	pages={948--958},
	year={2011},
	publisher={Elsevier}
}

@article{cabellos2011lispmob,
	title={LISPmob: mobile networking through LISP},
	author={Cabellos, Albert and Natal, Alberto Rodr{\'\i}guez and Jakab, Lor{\'a}nd and Ermagan, Vina and Natarajan, Preethi and Maino, Fabio},
	journal={LISPmob white paper},
	year={2011}
}

@CiscoIOS{LISPmob,
	title = "{LISPmob (website)}",
	note = "\url{https://www.openoverlayrouter.org/lispmob/}",
}

@article{saucez2009openlisp,
	title={OpenLISP: An open source implementation of the locator/ID separation protocol},
	author={Saucez, Damien and Iannone, Luigi and Bonaventure, Olivier and others},
	journal={ACM SIGCOMM Demos Session},
	pages={1--2},
	year={2009}
}

@article{fuller2012lisp,
  title={LISP Delegated Database Tree},
  author={Fuller, V and Lewis, D and Ermagan, V and Jain, A},
  journal={draft-ietf-lisp-ddt-09, Internet Engineering Task Force},
  year={2017}
}

@article{maino2017lisp,
  title={LISP-Security (LISP-SEC)},
  author={Maino, F and Ermagan, V and Cabellos, A and Saucez, D},
  journal={draft-ietf-lisp-sec-14, Internet Engineering Task Force},
  year={2017}
}

@article{ermagan2016nat,
	title={NAT traversal for LISP},
	author={Ermagan, Vina and Farinacci, Dino and White, Chris and Skriver, Jesper and Lewis, Darrel and Maino, Fabio},
	year={2016}
}

@MISC{OpenLISP,
	title = "{OpenLISP (website)}",
	note = "\url{http://www.openlisp.org/}",
}

@MISC{lip6lisp,
	title = "{LIP6-LISP (github)}",
	note = "\url{https://github.com/lip6-lisp}",
}

@MISC{freeBSD,
	title = "{FreeBSD (website)}",
	note = "\url{https://www.freebsd.org/}",
}

@MISC{ns3,
	title = "{ns-3}",
	note = "See \url{http://https://www.nsnam.org/}",
}

@MISC{OOR,
	title = "{Open Overlay Router (website), the successor of LISPmob}",
	note = "See \url{https://www.openoverlayrouter.org/}",
}

@MISC{OpenDaylight,
	title = "{OpenDaylight (website)}",
	note = "See \url{https://www.opendaylight.org/}",
}

@MISC{pylisp,
	title = "{pylisp (Reference)}",
	note = "See \url{https://www.biostat.wisc.edu/~annis/creations/PyLisp/pylisp.html}",
}

@MISC{pylispgithub,
	title = "{pylisp (Github)}",
	note = "See \url{https://github.com/steffann/pylisp}",
}

@MISC{ciscovmmobility,
	title = "{Locator ID Separation Protocol (LISP) VM Mobility Solution, (White paper)}",
	note = "See \url{https://www.cisco.com/c/dam/en/us/products/collateral/ios-nx-os-software/locator-id-separation-protocol-lisp/lisp-vm_mobility_wp.pdf}",
}

@MISC{LISP_ODLSummit_2014,
	title = "{LISP for SDN and NFV (OpenDaylight Submmit)}",
	note = "See \url{https://events.linuxfoundation.org/sites/events/files/slides/LISP_ODLSummit_2014.pdf}",
}

@MISC{AVMFritzBox,
	title = "{AVM's FRITZ!Box Configuration and Operation}",
	note = "See \url{https://en.avm.de/fileadmin/user_upload/EN/Manuals/FRITZ_Box/Manual_FRITZ_Box_3490-en.pdf}",
}

@MISC{lispviews,
	title = "{LISP-Views (website)}",
	note = "See \url{http://hunter.lisp-views.org/}",
}

@techreport{mahalingam2014virtual,
	title={Virtual extensible local area network (VXLAN): A framework for overlaying virtualized layer 2 networks over layer 3 networks},
	author={Mahalingam, Mallik and Dutt, Dinesh and Duda, Kenneth and Agarwal, Puneet and Kreeger, Lawrence and Sridhar, T and Bursell, Mike and Wright, Chris},
	year={2014}
}

@article{hanks2000generic,
	title={Generic routing encapsulation (GRE)},
	author={Hanks, Stan and Meyer, David and Farinacci, Dino and Traina, Paul},
	year={2000}
}

@inproceedings{klein2012integration,
	title={Integration of LISP and LISP-MN into INET},
	author={Klein, Dominik and Hartmann, Matthias and Hoefling, Michael and Menth, Michael},
	booktitle={Proceedings of the 5th International ICST Conference on Simulation Tools and Techniques},
	pages={299--306},
	year={2012},
	organization={ICST (Institute for Computer Sciences, Social-Informatics and Telecommunications Engineering)}
}

@techreport{rfc7835,
	title={O. Bonaventure," Locator/ID Separation Protocol (LISP) Threat Analysis},
	author={Saucez, D and Iannone, L},
	institution={RFC 7835, DOI 10.17487/RFC7835, April 2016,< http://www. rfc-editor. org/info/rfc7835}
}

@article{rfc7834,
	title={Internet Engineering Task Force (IETF) D. Saucez Request for Comments: 7834 INRIA Category: Informational L. Iannone},
	author={Cabellos, A and Coras, F},
	year={2016}
}

@MISC{lispers,
	title = "{Lispers.net}",
	note = "See \url{https://www.lispers.net/}",
}

@inproceedings{stockmayer2016jlisp,
	title={jLISP: An Open, Modular, and Extensible Java-Based LISP Implementation},
	author={Stockmayer, Andreas and Schmidt, Mark and Menth, Michael},
	booktitle={Teletraffic Congress (ITC 28), 2016 28th International},
	volume={1},
	pages={205--208},
	year={2016},
	organization={IEEE}
}

@techreport{mn00,
	title={LISP Mobile Node, draft-ietf-lisp-mn-01},
	author={Farinacci, Dino and Lewis, Darrel and Meyer, Dave and White, Chris},
	year={2017},
	institution={institution={IETF Internet draft, Apr. 2017.[Online]. Available: https://tools.ietf.org/html/draft-ietf-lisp-mn-01}}
}

@techreport{rfc6834,
	title={Locator/id separation protocol (lisp) map-versioning},
	author={Iannone, Luigi and Saucez, Damien and Bonaventure, Olivier},
	year={2013}
}

@techreport{barkai2017lisp,
  title={LISP Based FlowMapping for Scaling NFV},
  author={Barkai, S and Farinacci, D and Meyer, D and Maino, F and Ermagan, V and Rodriguez-Natal, A and Cabellos-Aparicio, A},
  year={2017},
  institution={Internet-Draft draft-barkai-lisp-nfv-10, Internet Engineering Task Force. Work in Progress}
}

@inproceedings{han2016design,
  title={Design and implementation of LISP controller in ONOS},
  author={Han, Yoonseon and Ryu, Seungho and Suh, Young-Joo and Hong, James Won-Ki},
  booktitle={NetSoft Conference and Workshops (NetSoft), 2016 IEEE},
  pages={417--422},
  year={2016},
  organization={IEEE}
}

@article{mockapetrisrfc,
  title={Rfc 1034: Domain names-concepts and facilities, 1987},
  author={Mockapetris, Paul},
  journal={URL: ftp://ftp. isi. edu/in-notes/rfc1034. txt}
}

@article{rosenbergsip,
  title={SIP: Session Initiation Protocol (Jun. 2008) retrieved at http://tools. ietf. org/html/rfc3261},
  author={Rosenberg, J and others},
  journal={Relevant pages provided}
}

@article{rfc07911981internet,
  title={Internet Protocol},
  author={RFC0791, IP},
  journal={J. Postel. September},
  year={1981}
}

@misc{deering1998rfc,
  title={RFC 2460: Internet Protocol},
  author={Deering, Steve and Hinden, Robert},
  year={1998},
  publisher={Version}
}

@article{lear2013nerd,
  title={NERD: A Not-so-novel Endpoint ID (EID) to Routing Locator (RLOC) Database},
  author={Lear, Eliot},
  year={2013}
}

@article{farinacci2000rfc,
  title={RFC 2784-Generic Routing Encapsulation (GRE)},
  author={Farinacci, D and Li, T and Hanks, S and Meyer, D and Traina, P},
  journal={IETF, March 2000},
  year={2000}
}

@misc{brim2008lisp,
  title={LISP-CONS: A Content distribution Overlay Network Service for LISP. draft-meyer-lisp-cons-04},
  author={Brim, Scott and Chiappa, N and Farinacci, D and Fuller, V and Lewis, D},
  year={2008},
  publisher={April}
}

@article{perkins2002rfc3344,
  title={{RFC 3344}},
  author={Perkins, C},
  journal={IP Mobility Support for IPv4},
  volume={8},
  year={2002}
}

@article{johnson2004rfc,
  title={{RFC 3775}},
  author={Johnson, D and Perkins, Charles and Arkko, J},
  journal={Mobility support in IPv6},
  year={2004},
  publisher={June}
}

@article{rodriguez2014software,
  title={Software defined networking extensions for the locator/ID separation protocol},
  author={Rodriguez-Natal, A and Barkai, S and Ermagan, V and Lewis, D and Maino, F and Farinacci, D},
  journal={IETF LISP Working Group Internet-Draft},
  year={2014}
}

@article{thayer1998rfc,
  title={RFC 2411: IP security document roadmap},
  author={Thayer, Rodney and Doraswamy, N and Glenn, R},
  journal={Internet standard, November},
  year={1998}
}

@article{farinacci2000generic,
  title={Generic routing encapsulation},
  author={Farinacci, D and Li, T and Hanks, S and Meyer, D and Traina, P and Glenn, R},
  journal={IETF (The Internet Engineering Task Force) Request for Comments RFC},
  volume={2784},
  year={2000}
}

@article{kim2013caching,
  title={Caching Locator/ID mappings: An experimental scalability analysis and its implications},
  author={Kim, Juhoon and Iannone, Luigi and Feldmann, Anja},
  journal={Computer Networks},
  volume={57},
  number={4},
  pages={897--909},
  year={2013},
  publisher={Elsevier}
}

@inproceedings{aiash2013novel,
  title={A novel security protocol for resolving addresses in the location/ID split architecture},
  author={Aiash, Mahdi},
  booktitle={International Conference on Network and System Security},
  pages={68--79},
  year={2013},
  organization={Springer}
}

@inproceedings{aiash2013securing,
  title={Securing address registration in location/ID split protocol using ID-based cryptography},
  author={Aiash, Mahdi and Al-Nemrat, Ameer and Preston, David},
  booktitle={International Conference on Wired/Wireless Internet Communication},
  pages={129--139},
  year={2013},
  organization={Springer}
}

@inproceedings{montero2013securing,
  title={Securing the LISP map registration process},
  author={Montero, D and Siddiqui, MS and Serral-Gracia, Ren{\'e} and Masip-Bruin, Xavier and Yannuzzi, Marcelo},
  booktitle={Global Communications Conference (GLOBECOM), 2013 IEEE},
  pages={2145--2151},
  year={2013},
  organization={IEEE}
}

@inproceedings{raheem2013supporting,
  title={Supporting communications in the iots using the location/id split protocol: a security analysis},
  author={Raheem, Ali and Lasebae, Aboubaker and Aiash, Mahdi and Loo, Jonathan},
  booktitle={Future Generation Communication Technology (FGCT), 2013 Second International Conference on},
  pages={143--147},
  year={2013},
  organization={IEEE}
}

@inproceedings{menth2010improvements,
  title={Improvements to LISP mobile node},
  author={Menth, Michael and Klein, Dominik and Hartmann, Matthias},
  booktitle={Teletraffic Congress (ITC), 2010 22nd International},
  pages={1--8},
  year={2010},
  organization={IEEE}
}

@inproceedings{phoomikiattisak2016control,
  title={Control plane handoff analysis for IP mobility},
  author={Phoomikiattisak, Ditchaphong and Bhatti, Saleem N},
  booktitle={Wireless and Mobile Networking Conference (WMNC), 2016 9th IFIP},
  pages={65--72},
  year={2016},
  organization={IEEE}
}

@article{natal2013lisp,
  title={LISP-MN: mobile networking through LISP},
  author={Natal, Alberto Rodr{\'\i}guez and Jakab, Lor{\'a}nd and Portol{\'e}s, Marc and Ermagan, Vina and Natarajan, Preethi and Maino, Fabio and Meyer, David and Aparicio, Albert Cabellos},
  journal={Wireless personal communications},
  volume={70},
  number={1},
  pages={253--266},
  year={2013},
  publisher={Springer}
}

@inproceedings{galvani2014lisp,
  title={LISP-ROAM: network-based host mobility with LISP},
  author={Galvani, Andrea and Rodriguez-Natal, Alberto and Cabellos-Aparicio, Albert and Risso, Fulvio},
  booktitle={Proceedings of the 9th ACM workshop on Mobility in the evolving internet architecture},
  pages={19--24},
  year={2014},
  organization={ACM}
}

@inproceedings{tang2017lisp,
  title={LISP-HNM: Integrated fast host and network mobility control in LISP networks},
  author={Tang, Zhu and Zhou, Yuexian and Deng, Wenping and Wang, Baosheng},
  booktitle={Modeling and Optimization in Mobile, Ad Hoc, and Wireless Networks (WiOpt), 2017 15th International Symposium on},
  pages={1--6},
  year={2017},
  organization={IEEE}
}

@inproceedings{wu2014nemo,
  title={NEMO-based mobility management in LISP network},
  author={Wu, Yizhen and Chen, Ke and Xue, Kaiping and Ni, Dan},
  booktitle={Wireless Communications and Signal Processing (WCSP), 2014 Sixth International Conference on},
  pages={1--6},
  year={2014},
  organization={IEEE}
}

@article{jeon2010network,
  title={Network Mobility Support in the Proxy Mobile IPv6 Domain},
  author={Jeon, Seil and Jang, Jiwon and Kim, Young-Han},
  journal={Network},
  year={2010}
}

@inproceedings{isah2017towards,
  title={Towards zero packet loss with LISP Mobile Node},
  author={Isah, Musab and Simpson, Steven and Sani, Yusuf and Edwards, Chris},
  booktitle={Computing, Networking and Communications (ICNC), 2017 International Conference on},
  pages={265--271},
  year={2017},
  organization={IEEE}
}

@article{feng2017locator,
  title={Locator/Identifier Split Networking: A Promising Future Internet Architecture},
  author={Feng, Bohao and Zhang, Hongke and Zhou, Huachun and Yu, Shui},
  journal={IEEE Communications Surveys \& Tutorials},
  year={2017},
  publisher={IEEE}
}

@article{perkins1997mobile,
  title={Mobile ip},
  author={Perkins, Charles E},
  journal={IEEE communications Magazine},
  volume={35},
  number={5},
  pages={84--99},
  year={1997},
  publisher={IEEE}
}

@techreport{perkins2011mobility,
  title={Mobility support in IPv6},
  author={Perkins, Charles and Johnson, David and Arkko, Jari},
  year={2011}
}

@article{minolisecurity,
  title={Security Considerations for MIPv6},
  author={Minoli, Daniel},
  journal={Mobile Video with Mobile IPv6},
  pages={173--189},
  publisher={Wiley Online Library}
}

@techreport{ford2013tcp,
  title={TCP extensions for multipath operation with multiple addresses},
  author={Ford, Alan and Raiciu, Costin and Handley, Mark and Bonaventure, Olivier},
  year={2013}
}

@article{Li2017,
	title = "Assessing Locator/Identifier Separation Protocol interworking performance through {RIPE Atlas} ",
	journal = "Computer Networks ",
	volume = "",
	number = "",
	pages = " - ",
	year = "2017",
	note = "",
	issn = "1389-1286",
	doi = "https://doi.org/10.1016/j.comnet.2017.12.014",
	url = "https://www.sciencedirect.com/science/article/pii/S1389128617304413",
	author = "Yue Li and Luigi Iannone"
}

@MISC{SmartInsights,
	title = "SmartInsights",
	note = "Accessed on Jan. 7, 2018. [Online]. Available: \url{http://www.smartinsights.com/mobile-marketing/mobile-marketing-
	analytics/mobile-marketing-statistics/}",
}

@MISC{InternetLiveStats,
	title = "Internet Live Stats",
	note = "Accessed on Jan. 7, 2018. [Online]. Available: \url{http://www.internetlivestats.com/internet- users/}",
}

@inproceedings{marill1966toward,
	title={Toward a cooperative network of time-shared computers},
	author={Marill, Thomas and Roberts, Lawrence G},
	booktitle={Proceedings of the November 7-10, 1966, fall joint computer conference},
	pages={425--431},
	year={1966},
	organization={ACM}
}

@article{vogt2007six,
	title={Six/one: A solution for routing and addressing in IPv6},
	author={Vogt, Christian},
	journal={INTERNET DRAFT, draft-vogt-rrg-six-one-01. txt},
	year={2007}
}

@article{nikander2010host,
	title={Host identity protocol (HIP): Connectivity, mobility, multi-homing, security, and privacy over IPv4 and IPv6 networks},
	author={Nikander, Pekka and Gurtov, Andrei and Henderson, Thomas R},
	journal={IEEE Communications Surveys \& Tutorials},
	volume={12},
	number={2},
	pages={186--204},
	year={2010},
	publisher={IEEE}
}

@article{adan2006tunneled,
	title={Tunneled inter-domain routing (TIDR)},
	author={Adan, J},
	journal={Work in Progress},
	year={2006}
}

@article{Moskowitz2017host,
	title={Host Identity Protocol Architecture},
	author={Moskowitz, Robert and Komu, M},
	journal={draft-ietf-hip-rfc4423-bis-18},
	year={2017}
}

@techreport{moskowitz2015host,
	title={Host identity protocol version 2 (HIPv2)},
	author={Moskowitz, Robert and Heer, Tobias and Jokela, Petri and Henderson, T},
	year={2015}
}

@article{garcia2010shim6,
	title={The Shim6 architecture for IPv6 multihoming},
	author={Garc{\'\i}a-Mart{\'\i}nez, Alberto and Bagnulo, Marcelo and Van Beijnum, Iljitsch},
	journal={IEEE Communications Magazine},
	volume={48},
	number={9},
	year={2010},
	publisher={IEEE}
}

@techreport{nordmark2009shim6,
	title={Shim6: Level 3 multihoming shim protocol for IPv6},
	author={Nordmark, Erik and Bagnulo, Marcelo},
	year={2009}
}

@article{bhatti2012identifier,
	title={Identifier-locator network protocol (ILNP) architectural description},
	author={Bhatti, SN and Atkinson, RJ},
	year={2012}
}

@article{atkinson2010evolving,
	title={Evolving the internet architecture through naming},
	author={Atkinson, Randall and Bhatti, Saleem and Hailes, Stephen},
	journal={IEEE Journal on Selected Areas in Communications},
	volume={28},
	number={8},
	pages={1319--1325},
	year={2010},
	publisher={IEEE}
}

@inproceedings{balakrishnan2004layered,
	title={A layered naming architecture for the internet},
	author={Balakrishnan, Hari and Lakshminarayanan, Karthik and Ratnasamy, Sylvia and Shenker, Scott and Stoica, Ion and Walfish, Michael},
	booktitle={ACM SIGCOMM Computer Communication Review},
	volume={34},
	number={4},
	pages={343--352},
	year={2004},
	organization={ACM}
}

@article{o2006gse,
	title={GSE-an alternate addressing architecture for IPv6},
	author={O'DELL, Mike},
	journal={http://www. watersprings. org/pub/id/draft-ietf-ipngwggseaddr-00. txt},
	year={2006}
}

@techreport{rfc8112,
	title={Locator/ID Separation Protocol Delegated Database Tree (LISP-DDT) Referral Internet Groper (RIG)},
	author={Farinacci, D and Jain, A and Kouvelas, I and Lewis, D},
	year={2017}
}

@article{rana2017implementation,
	title={Implementation and performance evaluation of a mobile IPv6 (MIPv6) simulation model for ns-3},
	author={Rana, Manoj Kumar and Sardar, Bhaskar and Mandal, Swarup and Saha, Debashis},
	journal={Simulation Modelling Practice and Theory},
	volume={72},
	pages={1--22},
	year={2017},
	publisher={Elsevier}
}

@article{moller2011simulation,
	title={From simulation to emulation: an integrated approach for network security evaluation},
	author={M{\"o}ller, Martin and Bye, Rainer and Bsufka, Karsten and Camtepe, Seyit Ahmet and Albayrak, Sahin},
	journal={Lecture Notes in Informatics},
	volume={192},
	year={2011},
	publisher={Gesellschaft fuer Informatik eV (GI)}
}

@article{henderson2008network,
	title={Network simulations with the ns-3 simulator},
	author={Henderson, Thomas R and Lacage, Mathieu and Riley, George F and Dowell, Craig and Kopena, Joseph},
	journal={SIGCOMM demonstration},
	volume={14},
	number={14},
	pages={527},
	year={2008}
}

@article{breslau2000advances,
	title={Advances in network simulation},
	author={Breslau, Lee and Estrin, Deborah and Fall, Kevin and Floyd, Sally and Heidemann, John and Helmy, Ahmed and Huang, Polly and McCanne, Steven and Varadhan, Kannan and Xu, Ya and others},
	journal={Computer},
	volume={33},
	number={5},
	pages={59--67},
	year={2000},
	publisher={IEEE}
}

@inproceedings{chang1999network,
	title={Network simulations with OPNET},
	author={Chang, Xinjie},
	booktitle={Simulation Conference Proceedings, 1999 Winter},
	volume={1},
	pages={307--314},
	year={1999},
	organization={IEEE}
}